% Encoding: UTF-8

%%%
%
%Beim Erstellen der Bibtex-Datei wird empfohlen darauf zu achten, dass die DOI aufgeführt wird.
%
%%%


% !! DO NOT USE `label =   {ASF}` in other Misc entries !!


%%%%%%%%%%%%%%%%%%%%%%%%%%

@Article{HoferFeb2013,
	author =    {M. Hofer and A. Wendel and H. Bischof},
	title =     {Line-based 3D Reconstruction of Wiry Objects},
	journal =   {Proceedings of the 18th Computer Vision Winter Workshop},
	volume =    {},
	number =    {},
	pages =     {78--85},
	year =      {2013},
	month =     2,
	doi =       {},
	publisher = {}
}

@Article{HoferSep2013,
	author =    {M. Hofer and A. Wendel and H. Bischof},
	title =     {Incremental Line-based 3D Reconstruction using Geometric Constraints},
	journal =   {Proceedings of the British Machine Vision Conference (BMVC)},
	volume =    {},
	number =    {},
	pages =     {},
	year =      {2013},
	month =     9,
	doi =       {},
	publisher = {}
}
%https://pdfs.semanticscholar.org/19b4/153c80733be82b74083fbae3d0e2bde161d1.pdf

@report{SAE2014,
	author = {SAE International},
	title = {Taxonomy and Definitions for Terms Related to On-Road Motor Vehicle Automated Driving Systems},
	institution = {On-Road Automated Driving (Orad) Committee},
	year = {2014},
	publisher = {Society of Automotive Engineers (SAE) International}
}
%http://standards.sae.org/j3016_201401/




%%%%% Elsevier %%%%%

@Article{FanFeb2012,
	author =    {B. Fan and F. Wu and Z. Hu},
	title =     {Robust line matching through line-point invariants},
	journal =   {Pattern Recognition},
	volume =    {45},
	number =    {2},
	pages =     {794--805},
	year =      {2012},
	month =     2,
	doi =       {10.1016/j.patcog.2011.08.004},
	publisher = {Elsevier}
}
%https://www.sciencedirect.com/science/article/pii/S0031320311003189

@Article{WangMay2009,
	author =    {Z. Wang and F. Wu and Z. Hu},
	title =     {MSLD: A robust descriptor for line matching},
	journal =   {Pattern Recognition},
	volume =    {42},
	number =    {5},
	pages =     {941--953},
	year =      {2009},
	month =     5,
	doi =       {10.1016/j.patcog.2008.08.035},
	publisher = {Elsevier}
}
%https://www.sciencedirect.com/science/article/pii/S0031320308003658

@Article{Topal2012,
	author =    {C. Topal and C. Akinlar},
	title =     {Edge Drawing: A combined real-time edge and segment detector},
	journal =   {Journal of Visual Communication and Image Representation},
	volume =    {23},
	number =    {6},
	pages =     {862--872},
	year =      {2012},
	month =     8,
	doi =       {10.1016/j.jvcir.2012.05.004},
	publisher = {Elsevier}
}
%https://www.sciencedirect.com/science/article/pii/S1047320312000831

@Article{Fraser1997,
	author =    {C.S. Fraser},
	title =     {Digital camera self-calibration},
	journal =   {ISPRS Journal of Photogrammetry and Remote Sensing},
	volume =    {52},
	number =    {4},
	pages =     {149--159},
	year =      {1997},
	month =     8,
	doi =       {10.1016/S0924-2716(97)00005-1},
	publisher = {Elsevier}
}


%%%%% IEEE %%%%%

@Article{JainJun2010,
	author =    {A. Jain and C. Kurz and T. Thormählen and H.P. Seidel},
	title =     {Exploiting global connectivity constraints for reconstruction of 3D line segments from images},
	journal =   {IEEE Computer Society Conference on Computer Vision and Pattern Recognition},
	volume =    {},
	number =    {},
	pages =     {1586--1593},
	year =      {2010},
	month =     6,
	doi =       {10.1109/CVPR.2010.5539781},
	publisher = {IEEE}
}

@Article{BayJun2005,
	author =    {H. Bay and V. Ferrari and L. Van Gool},
	title =     {Wide-baseline stereo matching with line segments},
	journal =   {IEEE Computer Society Conference on Computer Vision and Pattern Recognition},
	volume =    {1},
	number =    {},
	pages =     {329--336},
	year =      {2005},
	month =     6,
	doi =       {10.1109/CVPR.2005.375},
	publisher = {IEEE}
}
%http://ieeexplore.ieee.org/document/1467286/

@Article{HartleyJun1995,
	author =    {R.I. Hartley},
	title =     {A linear method for reconstruction from lines and points},
	journal =   {Proceedings of Fifth IEEE International Conference on Computer Vision},
	volume =    {},
	number =    {},
	pages =     {882--887},
	year =      {1995},
	month =     6,
	doi =       {10.1109/ICCV.1995.466843},
	publisher = {IEEE}
}
%http://ieeexplore.ieee.org/abstract/document/466843/

@Article{SchmidJun1997,
	author =    {C. Schmid and A. Zisserman},
	title =     {Automatic Line Matching across Views},
	journal =   {Proceedings of the IEEE Computer Society Conference on Computer Vision and Pattern Recognition},
	volume =    {1},
	number =    {},
	pages =     {666--671},
	year =      {1997},
	month =     6,
	doi =       {10.1109/CVPR.1997.609397},
	publisher = {IEEE}
}
%http://ieeexplore.ieee.org/document/609397/

@Article{LoweSep1999,
	author =    {D.G. Lowe},
	title =     {Object recognition from local scale-invariant features},
	journal =   {Proceedings of the Seventh IEEE International Conference on Computer Vision},
	volume =    {2},
	number =    {},
	pages =     {1150--1157},
	year =      {1999},
	month =     9,
	doi =       {10.1109/ICCV.1999.790410},
	publisher = {IEEE}
}
%http://ieeexplore.ieee.org/document/790410/

@Article{WangAug2009,
	author =    {Z. Wang and H. Liu and F. Wu},
	title =     {HLD: A robust descriptor for line matching},
	journal =   {IEEE International Conference on Computer-Aided Design and Computer Graphics},
	volume =    {},
	number =    {},
	pages =     {128--133},
	year =      {2009},
	month =     8,
	doi =       {10.1109/CADCG.2009.5246918},
	publisher = {IEEE}
}

@Article{MatinecJul2003,
	author =    {D. Matinec and T. Pajdla},
	title =     {Line reconstruction from many perspective images by factorization},
	journal =   {Proceedings of Computer Society Conference on Computer Vision and Pattern Recognition},
	volume =    {1},
	number =    {},
	pages =     {I-497--I-502},
	year =      {2003},
	month =     7,
	doi =       {10.1109/CVPR.2003.1211395},
	publisher = {IEEE}
}
%http://ieeexplore.ieee.org/document/1211395/

@Article{TaylorNov1995,
	author =    {C.J. Taylor and D.J. Kriegman},
	title =     {Structure and motion from line segments in multiple images},
	journal =   {IEEE Transactions on Pattern Analysis and Machine Intelligence},
	volume =    {17},
	number =    {11},
	pages =     {1021--1032},
	year =      {1995},
	month =     11,
	doi =       {10.1109/34.473228},
	publisher = {IEEE}
}
%http://ieeexplore.ieee.org/abstract/document/473228/

@Article{Hirschmueller2008,
	author =    {H. Hirschmüller and T. Bucher},
	title =     {Stereo Processing by Semiglobal Matching and Mutual Information},
	journal =   {IEEE Transactions on Pattern Analysis and Machine Intelligence},
	volume =    {30},
	number =    {2},
	pages =     {328--341},
	year =      {2008},
	month =     2,
	doi =       {10.1109/TPAMI.2007.1166},
	publisher = {IEEE}
}
%http://ieeexplore.ieee.org/document/4359315/

@ARTICLE{Aeberhard2015, 
	author={M. Aeberhard and S. Rauch and M. Bahram and G. Tanzmeister and J. Thomas and Y. Pilat and F. Homm and W. Huber and N. Kaempchen}, 
	title={Experience, Results and Lessons Learned from Automated Driving on Germany's Highways},
	journal={IEEE Intelligent Transportation Systems Magazine},   
	volume={7}, 
	number={1}, 
	pages={42--57},
	doi={10.1109/MITS.2014.2360306}, 
	ISSN={1939-1390},
	year={2015},
	month=1
}


%%%%% DLR %%%%%

@Article{KurzApr2012,
	author =    {F. Kurz and S. Türmer and O. Meynberg and D. Rosenbaum and H. Runge and P. Reinartz and J. Leitloff},
	title =     {Low-cost Systems for real-time Mapping Applications},
	journal =   {Photogrammetrie Fernerkundung Geoinformation},
	volume =    {},
	number =    {},
	pages =     {159--176},
	year =      {2012},
	month =     4,
	doi =       {10.1127/1432-8364/2012/0109},
	publisher = {}
}
% http://elib.dlr.de/75541/

@Article{dAngeloJun2011,
	author =    {Pablo d’Angelo and Peter Reinartz},
	title =     {Semiglobal Matching Results on the ISPRS Stereo Matching Benchmark},
	journal =   {High-Resolution Earth Imaging for Geospatial Information},
	volume =    {},
	number =    {},
	pages =     {},
	year =      {2011},
	month =     6,
	doi =       {},
	publisher = {Institute of Photogrammetry and GeoInformation, Leibniz Universität Hannover}
}
%http://elib.dlr.de/70796/

@Article{HirschmüllerJul2010,
	author =    {H. Hirschmüller and T. Bucher},
	title =     {Evaluation of Digital Surface Models by Semi-Global Matching},
	journal =   {DGPF},
	volume =    {},
	number =    {},
	pages =     {},
	year =      {2010},
	month =     7,
	doi =       {},
	publisher = {}
}
%http://elib.dlr.de/66923/

@Article{Fischer2017,
	author =    {P. Fischer and B. Plaß and F. Kurz and T. Krauss and H. Runge},
	title =     {Validation of HD maps for autonomous driving},
	journal =   {International Conference on Intelligent Transport Systems in Theory and Practice, mobil.TUM},
	volume =    {},
	number =    {},
	pages =     {},
	year =      {2017},
	month =     7,
	doi =       {},
	publisher = {TU München, Lehrstuhl für Verkehrstechnik}
}
%http://elib.dlr.de/113076/



